@TechReport{scala-overview-tech-report,
  author =       {Martin Odersky and al.},
  title =        {An Overview of the Scala Programming Language},
  institution =  {EPFL Lausanne, Switzerland},
  year =         2004,
  number =       {IC/2004/64}
}

@article{DBLP:journals/corr/abs-1112-1751,
  author    = {Michael E. Cotterell and
               John A. Miller and
               Tom Horton},
  title     = {Unicode in Domain-Specific Programming Languages for Modeling {\&}
               Simulation: ScalaTion as a Case Study},
  journal   = {CoRR},
  volume    = {abs/1112.1751},
  year      = {2011},
  url       = {http://arxiv.org/abs/1112.1751},
  timestamp = {Wed, 10 Oct 2012 21:28:45 +0200},
  biburl    = {http://dblp.uni-trier.de/rec/bib/journals/corr/abs-1112-1751},
  bibsource = {dblp computer science bibliography, http://dblp.org}
}

@inproceedings{conf/wsc/MillerHH10,
  added-at = {2015-06-02T00:00:00.000+0200},
  author = {Miller, John A. and Han, Jun and Hybinette, Maria},
  biburl = {http://www.bibsonomy.org/bibtex/2f8cfc10b0e5f7329937a950b3f7e8538/dblp},
  booktitle = {Winter Simulation Conference},
  crossref = {conf/wsc/2010},
  ee = {http://dl.acm.org/citation.cfm?id=2433596},
  interhash = {2d90425bae08822a9ad73c1f16f3452f},
  intrahash = {f8cfc10b0e5f7329937a950b3f7e8538},
  isbn = {978-1-4244-9864-2},
  keywords = {dblp},
  pages = {741-752},
  publisher = {WSC},
  timestamp = {2015-06-18T11:32:05.000+0200},
  title = {Using Domain Specific Language for modeling and simulation: ScalaTion as a case study.},
  url = {http://dblp.uni-trier.de/db/conf/wsc/wsc2010.html#MillerHH10},
  year = 2010
}

@inproceedings{ValladoCrawford06,
  added-at = {2012-03-02T03:39:18.000+0100},
  author = {Vallado, David A. and Crawford, Paul and Hujsak, Richard and Kelso, T. S.},
  biburl = {http://www.bibsonomy.org/bibtex/20f0294c48d6146f912292a957ec2d79f/baby9992006},
  booktitle = {AIAA Astrodynamics Specialists Conference and Exhibit, August 2006},
  citeulike-article-id = {8854753},
  interhash = {0d7b09beecb93dc78b7cc580b2b3e46b},
  intrahash = {0f0294c48d6146f912292a957ec2d79f},
  keywords = {deep, model, objects, orbit, predict, satellite, sdp4, sgp4, space},
  posted-at = {2012-02-20 04:06:06},
  priority = {2},
  timestamp = {2012-03-02T03:39:21.000+0100},
  title = {{Revisiting Spacetrack Report \#3}},
  year = 2006
}

@book{ChBj,
    title = "Functional Programming in Scala",
    author = "Paul Chiusano and RÃºnar Bjarnason",
    year = 2014,
    month = "September",
    isbn = "978-1617290657",
    edition = "1st",
    publisher = "Manning Publications",
}

@techreport{Hoots80,
  added-at = {2012-03-02T03:39:18.000+0100},
  author = {Hoots, F. R. and Roehrich, R. L.},
  biburl = {http://www.bibsonomy.org/bibtex/27f7c2a7b95351072783bdafe71255e80/baby9992006},
  citeulike-article-id = {8854854},
  institution = {Aerospace Defense Center, Peterson Air Force Base},
  interhash = {225ca2179c0b212e5012bcbf2ab6667b},
  intrahash = {7f7c2a7b95351072783bdafe71255e80},
  keywords = {element, line, orbit, predict, sdp4, sgp4, spacetrack, two},
  posted-at = {2012-02-20 04:11:05},
  priority = {2},
  timestamp = {2012-03-02T03:39:21.000+0100},
  title = {Spacetrack Report No. 3: Models for propagation of {NORAD} element sets},
  year = 1980
}
